@article{pub2,
      author         = "Chatrchyan, Serguei and others",
      title          = "{Search for SUSY in all hadronic final states with alphaT in low $H_{T}$ 
events in pp collisions at $\sqrt s=8$~TeV. Pending Publication}",
      collaboration  = "CMS Collaboration",
}

@article{Chatrchyan:2013lya,
      author         = "Chatrchyan, Serguei and others",
      title          = "{Search for supersymmetry in hadronic final states with
                        missing transverse energy using the variables $\alpha_T$
                        and b-quark multiplicity in pp collisions at $\sqrt s=8$~TeV}",
      collaboration  = "CMS Collaboration",
      journal        = "Eur.Phys.J.",
      volume         = "C73",
      pages          = "2568",
      doi            = "10.1140/epjc/s10052-013-2568-6",
      year           = "2013",
      eprint         = "1303.2985",
      archivePrefix  = "arXiv",
      primaryClass   = "hep-ex",
      reportNumber   = "CMS-SUS-12-028, CERN-PH-EP-2013-037",
      SLACcitation   = "%%CITATION = ARXIV:1303.2985;%%",
}

@techreport{CMS-PAS-SUS-12-028,
      title         = "{Search for supersymmetry in final states with missing
transverse energy and 0, 1, 2, 3, or at least 4
                       b-quark jets in 8 TeV pp
collisions using the variable
                       AlphaT}",
      institution   = "CERN",
      collaboration = "CMS Collaboration",
      address       = "Geneva",
      number        = "CMS-PAS-SUS-12-028",
      year          = "2012",
}


